<record><leader>00000cas a22000007a 4500</leader><controlfield tag="001">182546415</controlfield><controlfield tag="006">m     o  d        </controlfield><controlfield tag="007">cr |||||||||||</controlfield><controlfield tag="008">071127c20089999nbuwr nso     |   a0eng c</controlfield><datafield ind1=" " ind2=" " tag="010"><subfield code="a">  2007216428</subfield></datafield><datafield ind1=" " ind2=" " tag="040"><subfield code="a">NSD</subfield><subfield code="b">eng</subfield><subfield code="c">NSD</subfield><subfield code="d">NSD</subfield><subfield code="d">DLC</subfield><subfield code="d">OCLCQ</subfield></datafield><datafield ind1=" " ind2=" " tag="012"><subfield code="k">1</subfield><subfield code="l">1</subfield></datafield><datafield ind1="0" ind2=" " tag="022"><subfield code="a">1940-7912</subfield><subfield code="l">1940-7904</subfield><subfield code="2">1</subfield></datafield><datafield ind1=" " ind2=" " tag="037"><subfield code="b">Black Rhino Publishing Company, P.O. Box 44, Plattsmouth, NE 68048</subfield><subfield code="c">$.60 (single issue)</subfield></datafield><datafield ind1=" " ind2=" " tag="042"><subfield code="a">pcc</subfield><subfield code="a">nsdp</subfield></datafield><datafield ind1="1" ind2="0" tag="050"><subfield code="a">ISSN RECORD</subfield></datafield><datafield ind1="1" ind2="0" tag="082"><subfield code="a">051</subfield><subfield code="2">14</subfield></datafield><datafield ind1=" " ind2="4" tag="222"><subfield code="a">The Compass-star</subfield><subfield code="b">(Online)</subfield></datafield><datafield ind1="0" ind2="4" tag="245"><subfield code="a">The Compass-star</subfield><subfield code="h">[electronic resource].</subfield></datafield><datafield ind1=" " ind2=" " tag="260"><subfield code="a">Plattsmouth, NE :</subfield><subfield code="b">Black Rhino Pub. Co.</subfield></datafield><datafield ind1=" " ind2=" " tag="310"><subfield code="a">Weekly</subfield></datafield><datafield ind1="1" ind2=" " tag="362"><subfield code="a">Began with vol. 1, issue 1 (Jan. 8, 2008).</subfield></datafield><datafield ind1=" " ind2=" " tag="588"><subfield code="a">Description based on: Vol. 1, issue 1 (Jan. 8, 2008); title from caption (Black Rhino Pub. website, viewed Nov. 16, 2009).</subfield></datafield><datafield ind1="0" ind2="8" tag="776"><subfield code="i">Print version:</subfield><subfield code="t">Compass-star</subfield><subfield code="x">1940-7904</subfield><subfield code="w">(DLC)  2007216427</subfield><subfield code="w">(OCoLC)182546420</subfield></datafield><datafield ind1="4" ind2="0" tag="856"><subfield code="u">http://www.blackrhinopublishing.com/Compass-Star/index.htm</subfield></datafield></record>